
@article{vandoorn2021,
	title = {Bayes Factors for Mixed Models},
	author = {{van Doorn}, Johnny and Aust, Frederik and Haaf, Julia M. and Stefan, Angelika M. and Wagenmakers, Eric-Jan},
	year = {2021},
	journal = {Computational Brain & Behavior},
	doi = {10.1007/s42113-021-00113-2},
}

@article{rouder2012,
	title = {Default Bayes factors for ANOVA designs},
	author = {Rouder, Jeffrey N. and Morey, Richard D. and Speckman, Paul L. and Province, Jordan M.},
	year = {2012},
	journal = {Journal of Mathematical Psychology},
	pages = {356--374},
	volume = {56},
	number = {5},
	doi = {10.1016/j.jmp.2012.08.001},
}
@Article{heck_benefits_2021,
  title = {Benefits of {{Bayesian Model Averaging}} for {{Mixed-Effects Modeling}}},
  author = {Daniel W. Heck and Florence Bockting},
  date = {2021-10-13},
  journaltitle = {Computational Brain \& Behavior},
  shortjournal = {Comput Brain Behav},
  doi = {10.1007/s42113-021-00118-x},
  url = {https://doi.org/10.1007/s42113-021-00118-x},
  urldate = {2021-12-02},
  file = {/Users/frederikaust/Zotero/storage/VHNUTD29/Heck_Bockting_2021_Benefits of Bayesian Model Averaging for Mixed-Effects Modeling.pdf},
}

@Article{singmann_statistics_2022,
  title = {Statistics in the {{Service}} of {{Science}}: {{Don}}â€™t {{Let}} the {{Tail Wag}} the {{Dog}}},
  shorttitle = {Statistics in the {{Service}} of {{Science}}},
  author = {Henrik Singmann and David Kellen and Gregory E. Cox and Suyog H. Chandramouli and Clintin P. Davis-Stober and John C. Dunn and Quentin F. Gronau and Michael L. Kalish and Sara D. McMullin and Danielle J. Navarro and Richard M. Shiffrin},
  date = {2022-05-16},
  journaltitle = {Computational Brain \& Behavior},
  shortjournal = {Comput Brain Behav},
  doi = {10.1007/s42113-022-00129-2},
  url = {https://doi.org/10.1007/s42113-022-00129-2},
  urldate = {2022-10-03},
  file = {/Users/frederikaust/Zotero/storage/T4Z8RW3N/Singmann et al_2022_Statistics in the Service of Science.pdf},
}
